<?xml version="1.0" encoding="UTF-8"?><record xmlns="http://www.loc.gov/MARC21/slim" xmlns:cinclude="http://apache.org/cocoon/include/1.0" xmlns:zs="http://www.loc.gov/zing/srw/">
  <leader>00312cz  a2200121n  4500</leader>
  <controlfield tag="001">n 2011080644</controlfield>
  <controlfield tag="003">DLC</controlfield>
  <controlfield tag="005">20111123075043.0</controlfield>
  <controlfield tag="008">111121n| acannaabn          |n aaa      </controlfield>
  <datafield tag="010" ind1=" " ind2=" ">
    <subfield code="a">n 2011080644</subfield>
  </datafield>
  <datafield tag="040" ind1=" " ind2=" ">
    <subfield code="a">DLC</subfield>
    <subfield code="b">eng</subfield>
    <subfield code="c">DLC</subfield>
    <subfield code="d">DLC</subfield>
  </datafield>
  <datafield tag="100" ind1="1" ind2=" ">
    <subfield code="a">Nardi, Nachum,</subfield>
    <subfield code="d">1901-1977.</subfield>
    <subfield code="t">Songs</subfield>
  </datafield>
  <datafield tag="670" ind1=" " ind2=" ">
    <subfield code="a">Music of Nachum Nardi [SR] 195-?</subfield>
  </datafield>
</record>